@article{csahin2014mismatch,
  title={Mismatch unemployment},
  author={{\c{S}}ahin, Ay{\c{s}}eg{\"u}l and Song, Joseph and Topa, Giorgio and Violante, Giovanni L},
  journal={American Economic Review},
  volume={104},
  number={11},
  pages={3529--64},
  year={2014}
}

@article{ippei2020labor,
  title={Is Labor Market Mismatch a Big Deal in Japan?},
  author={Ippei, Shibata},
  journal={The BE Journal of Macroeconomics},
  volume={20},
  number={2},
  year={2020},
  publisher={De Gruyter}
}